@inproceedings{Article1,
  title={C++ reflection for high performance problem solving environments},
  author={Devadithya, Tharaka and Chiu, Kenneth and Lu, Wei},
  booktitle={Proceedings of the 2007 spring simulation multiconference-Volume 2},
  pages={435--440},
  year={2007},
  organization={Citeseer}
}

@ARTICLE{Article2,
  author={Haney, S. and Crotlinger, J.},
  journal={Computing in Science \& Engineering}, 
  title={How templates enable high-performance scientific computing in C++}, 
  year={1999},
  volume={1},
  number={4},
  pages={66-72},
  doi={10.1109/5992.774843}}

  @inproceedings{Article3,
  title={Conduit: a c++ library for best-effort high performance computing},
  author={Moreno, Matthew Andres and Papa, Santiago Rodriguez and Ofria, Charles},
  booktitle={Proceedings of the Genetic and Evolutionary Computation Conference Companion},
  pages={1795--1800},
  year={2021}
}
